@book{PAS1192,
	author = {BSI},
	publisher = {BSI Standards Limited},
	title = {{PAS 1192-2:2013 – Specification for information management for the capital/ delivery phase of construction projects using building information modelling}},
	year = {2013}
}



@book{BG62014,
	author = {Churcher, David and Sands, John},
	edition = {4th},
	publisher = {Charlesworth Press},
	title = {{BG 6/ 2014 – A Design Framework for Building Services; Design activities and drawing and model definitions; A BSRIA Guide}},
	year = {2014}
}



@book{ACE2017,
	address = {London},
	author = {ACE},
	publisher = {Association for Consultancy and Engineering},
	title = {{ACE Schedule of Services; Mechanical Electrical and Public Health Engineering – Lead Consultant}},
	year = {2017}
}



@book{CIC2007,
	author = {CIC},
	publisher = {RIBA Publishing},
	title = {{The CIC Scope of Services Handbook}},
	year = {2007}
}



@misc{RIBAPlan,
	author = {{RIBA}},
	title = {RIBA Plan of Work 2013 - View the Plan},
	howpublished = {\url{https://www.ribaplanofwork.com/PlanOfWork.aspx}},
	year = {2013},
	note = {(Accessed on 1 April 2018)}
}



@book{DE2,
	address = {London},
	author = {Collins, Carl},
	editor = {Bell, Eileen},
	file = {:Volumes/MAC/Documents/Industry Guides {\&} Reports/CIBSE Digital Engineering Series/DE2 - Employer's Information Requirements.pdf:pdf},
	mendeley-groups = {4th Year Dissertation},
	publisher = {Chartered Institution of Building Services Engineers},
	title = {{CIBSE DE2: Employer's Information Requirements}},
	year = {2016}
}



@book{Fairhead2015:book,
	address = {Newcastle upon Tyne},
	author = {Fairhead, Richard},
	file = {:Volumes/MAC/Documents/Industry Guides {\&} Reports/RIBA Plan of Work 2013 Info Exchanges.pdf:pdf},
	isbn = {9781859465547},
	mendeley-groups = {4th Year Dissertation},
	publisher = {RIBA Publishing},
	title = {{RIBA Plan of Work 2013 Guide: Information Exchanges}},
	url = {https://books.google.co.uk/books?id=DHj6oAEACAAJ},
	year = {2015}
}



@misc{NBS_LODs,
	author = {Kell, Alistair and Mordue, Stefan},
	title = {{Levels of Definitions}},
	howpublished = {\url{https://toolkit.thenbs.com/articles/levels-of-definition}},
	year = {2015},
	note = {(Accessed on 25 January 2018)}
}



@misc{NBS_LoD_Kell,
	author = {Kell, Alistair},
	title = {{Managing the Level of Detail Produced by a Multi-Disciplinary Design Team Within a BIM Project?}},
	howpublished = {\url{https://toolkit.thenbs.com/articles/levels-of-definition#alistair}},
	year = {2015},
	note = {(Accessed on 25 January 2018)}
}



@misc{NBS_LoI_Mordue,
	author = {Mordue, Stefan},
	title = {{Levels of Information}},
	howpublished = {\url{https://toolkit.thenbs.com/articles/levels-of-definition#stefan}},
	year = {2015},
	note = {(Accessed on 25 January 2018)}
}



@book{BIMForum2017,
	author = {BIMForum},
	title = {{Level of Development Specification 2017 Guide}},
	year = {2017}
}



@misc{BG62006,
	author = {{NBS}},
	title = {{BAG BG 6/2006 Design framework for building services. Design activities and drawing definitions}},
	howpublished = {\url{https://www.thenbs.com/PublicationIndex/documents/details?Pub=BSRIA&DocID=282704}},
	year = {n.d.},
	note = {(Accessed on 2 April 2018)}
}



@misc{B1M_LODs_explained,
	author = {Mills, Fred},
	title = {{Levels of Definition Explained}},
	howpublished = {\url{https://www.theb1m.com/video/levels-of-definition-explained}},
	year = {2015},
	note = {(Accessed on 25 January 2018)}
}



@article{Steel2012,
	author = {Steel, Jim and Drogemuller, Robin and Toth, Bianca and {by Tony Clark}, Communicated and {Bettin Steel}, Jorn J and Drogemuller, R and Toth, B},
	doi = {10.1007/s10270-010-0178-4},
	file = {:Users/stephanieeklow/Library/Application Support/Mendeley Desktop/Downloaded/Steel et al. - 2012 - Model interoperability in building information modelling.pdf:pdf},
	journal = {Softw Syst Model},
	keywords = {Building,Information,Interoperability,Modelling {\textperiodcentered}},
	mendeley-groups = {4th Year Dissertation},
	pages = {99--109},
	title = {{Model interoperability in building information modelling}},
	volume = {11},
	year = {2012}
}



@article{Laakso2012,
	author = {Laakso, Mikael and Kiviniemi, Arto},
	file = {:Users/stephanieeklow/Library/Application Support/Mendeley Desktop/Downloaded/Laakso - 2012 - The IFC standard A review of History, development, and standardization, Information Technology Title The IFC standard A.pdf:pdf},
	journal = {Journal of Information Technology in Construction (ITcon)},
	keywords = {BIM,IFC,construction industry,interoperability,review,standardization},
	mendeley-groups = {4th Year Dissertation},
	pages = {134--161},
	title = {{The IFC standard: A review of History, development, and standardization}},
	volume = {17},
	year = {2012}
}



@article{Ghaffarianhoseini2017,
	author = {Ghaffarianhoseini, Ali and Tookey, John and Ghaffarianhoseini, Amirhosein and Naismith, Nicola and Azhar, Salman and Efimova, Olia and Raahemifar, Kaamran},
	doi = {10.1016/j.rser.2016.11.083},
	file = {:Users/stephanieeklow/Library/Application Support/Mendeley Desktop/Downloaded/Ghaffarianhoseini et al. - 2017 - Building Information Modelling (BIM) uptake Clear benefits, understanding its implementation, risks an.pdf:pdf},
	journal = {Renewable and Sustainable Energy Reviews},
	keywords = {BIM non-adoption risks,Building Information Modelling (BIM),Computer-aided design (CAD)},
	mendeley-groups = {4th Year Dissertation},
	pages = {1046--1053},
	title = {{Building Information Modelling (BIM) uptake: Clear benefits, understanding its implementation, risks and challenges}},
	volume = {75},
	year = {2017}
}



@article{Singh2011,
	author = {Singh, Vishal and Gu, Ning and Wang, Xiangyu},
	doi = {10.1016/j.autcon.2010.09.011},
	journal = {Automation in Construction},
	keywords = {BIM,BIM-server,Multi-disciplinary collaboration,Operational technical requirements,Support technical requirements},
	mendeley-groups = {4th Year Dissertation},
	pages = {134--144},
	title = {{A theoretical framework of a BIM-based multi-disciplinary collaboration platform}},
	volume = {20},
	year = {2011}
}



@article{Miettinen2014,
	author = {Miettinen, Reijo and Paavola, Sami},
	doi = {10.1016/j.autcon.2014.03.009},
	file = {:Users/stephanieeklow/Downloads/utopia.pdf:pdf},
	isbn = {0926-5805},
	issn = {09265805},
	journal = {Automation in Construction},
	keywords = {BIM implementation,BIM promises,Building information modeling,Cultural historical activity theory,Evolutionary theory of innovation,Experimentation},
	mendeley-groups = {4th Year Dissertation},
	pages = {84--91},
	publisher = {Elsevier B.V.},
	title = {{Beyond the BIM utopia: Approaches to the development and implementation of building information modeling}},
	volume = {43},
	year = {2014}
}



@article{Howard2008,
	author = {Howard, Rob and Bj{\"{o}}rk, Bo-Christer},
	doi = {10.1016/j.aei.2007.03.001},
	file = {:Users/stephanieeklow/Downloads/1-s2.0-S1474034607000201-main.pdf:pdf},
	isbn = {1474-0346},
	issn = {14740346},
	journal = {Advanced Engineering Informatics},
	keywords = {Building information models,Case uses,Frameworks,Objects,Standards,industry foundation classes},
	mendeley-groups = {4th Year Dissertation},
	pages = {271--280},
	title = {{Building information modelling - Experts' views on standardisation and industry deployment}},
	volume = {22},
	year = {2008}
}



@article{Santos2017,
	author = {Santos, R{\'{u}}ben and Costa, Ant{\'{o}}nio A. and Grilo, Ant{\'{o}}nio},
	journal = {Automation in Construction},
	pages = {118--136},
	title = {{Bibliometric analysis and review of Building Information Modelling literature published between 2005 and 2015}},
	volume = {80},
	year = {2017}
}



@misc{Quirk2012,
	author = {Quirk, Vanessa},
	title = {{A Brief History of BIM}},
	howpublished = {\url{https://www.archdaily.com/302490/a-brief-history-of-bim}},
	year = {2012},
	note = {(Accessed on 19 May 2017)}
}



@techreport{GCS11-15,
	address = {London},
	author = {{Cabinet Office}},
	title = {{Government Construction Strategy}},
	year = {2011},
	type = {Government strategic report}
}



@techreport{GCS16-20,
	author = {{IPA}},
	title = {{Government Construction Strategy 2016-20}},
	institution = {Infrastructure and Projects Authority},
	year = {2016},
	type = {Government strategic report}
}



@techreport{Egan1998,
	author = {Egan, John},
	institution = {Department of the Environment, Transport and the Regions},
	title = {{Rethinking Construction}},
	year = {1998},
	type = {Industry report}
}



@techreport{Latham1994,
	author = {Latham, Michael},
	institution = {HMSO London Department of the Environment},
	title = {{Constructing the Team}},
	year = {1994},
	type = {Industry report}
}



@misc{lecnotes,
	author = {Oyegoke, Adekunle},
	title = {{Unit 1: Construction Project Participants}},
	year = {2015},
	note = {Course notes}
}



@misc{NBS2016,
	author = {{NBS}},
	title = {{What is Building Information Modelling (BIM)?}},
	howpublished = {\url{https://www.thenbs.com/knowledge/what-is-building-information-modelling-bim}},
	month = {August},
	year = {2016},
	note = {(Accessed on 20 May 2017)}
}



@misc{NIBSnd,
	author = {{NIBS}},
	title = {{Frequently Asked Questions About the National BIM Standard-United States™}},
	howpublished = {\url{https://www.nationalbimstandard.org/faqs}},
	year = {n.d.},
	note = {(Accessed on 20 May 2017)}
}



@misc{NBS2014,
	author = {{NBS}},
	title = {{BIM Levels explained}},
	howpublished = {\url{https://www.thenbs.com/knowledge/bim-levels-explained}},
	month = {November},
	year = {2014},
	note = {(Accessed on 19 November 2017)}
}



@misc{BSI,
	author = {BSI},
	publisher = {British Standards Institution},
	title = {{BIM Level 2 Explained}},
	note = {Graphic},
	howpublished = {{PDF}},
	year = {n.d.}
}



@misc{Fairhead2015:online,
	author = {Fairhead, Richard},
	title = {{RIBA Plan of Work 2013 versus Digital Plan of Work: what you need to know}},
	howpublished = {\url{http://www.bimplus.co.uk/management/riba-plan-work-2013-v-d5igital-pla3n-w4ork-what/}},
	month = {June},
	year = {2015},
	note = {(Accessed on 19 November 2017)}
}



@techreport{DesigningBuildingsLtd2017,
	author = {{Designing Buildings Ltd.}},
	title = {{Fit for purpose? Big data reveals the construction knowledge gap}},
	year = {2017},
	type = {Report}
}



@techreport{Gallaher2004,
	address = {Gaithersburg},
	author = {Gallaher, Michael P and O'Connor, Alan C and Dettbarn, John L and Gilday, Linda T},
	institution = {National Institute of Standards and Technology},
	title = {{Cost Analysis of Inadequate Interoperability in the U.S. Capital Facilities Industry}},
	year = {2004},
	type = {Report}
}



@misc{Quigley2017,
	author = {Quigley, Darren},
	howpublished = {Personal communication},
	month = {August},
	year = {2017}
}



@misc{Conaghan2017,
	author = {Conaghan, Paddy},
	howpublished = {Personal interview},
	month = {November},
	year = {2017}
}



@inproceedings{Holtta,
	address = {Espoo, Finland},
	author = {H{\"{o}}ltt{\"{a}}, Venlakaisa and Mannonen, Petri and Ter{\"{a}}s, Sampo},
	booktitle = {Proceedings of the 2013 IEEE 17th International Conference on Computer Supported Cooperative Work in Design},
	file = {:Users/stephanieeklow/Library/Application Support/Mendeley Desktop/Downloaded/H{\"{o}}ltt{\"{a}}, Mannonen, Ter{\"{a}}s - Unknown - Design Communication Types in a Buyer-Supplier Relationship.pdf:pdf},
	mendeley-groups = {4th Year Dissertation},
	pages = {159--164},
	title = {{Design Communication Types in a Buyer-Supplier Relationship}},
	year = {2013}
}



@misc{collabor:oxford,
	author = {{Oxford Dictionaries}},
	title = {{Definition of collaboration in English}},
	howpublished = {\url{https://en.oxforddictionaries.com/definition/collaboration}},
	year = {n.d.},
	note = {(Accessed on 4 April 2018)}
}



@article{wood1991toward,
	title={Toward a comprehensive theory of collaboration},
	author={Wood, Donna J and Gray, Barbara},
	journal={The Journal of Applied Behavioral Science},
	volume={27},
	number={2},
	pages={139--162},
	year={1991},
	publisher={Sage Publications Sage CA: Thousand Oaks, CA}
}



@book{lawson1990,
	author = {Lawson, Bryan},
	edition = {2nd},
	publisher = {Butterworth Architecture},
	title = {How designers think: the design process demystified},
	year = {1990}
}



@article{Parraguez2015,
	author = {Parraguez, Pedro and Eppinger, Steven D. and Maier, Anja M.},
	doi = {10.1109/TEM.2015.2469680},
	file = {:Users/stephanieeklow/Library/Application Support/Mendeley Desktop/Downloaded/Parraguez, Eppinger, Maier - 2015 - Information Flow Through Stages of Complex Engineering Design Projects A Dynamic Network Analysis Ap.pdf:pdf},
	issn = {0018-9391},
	journal = {IEEE Transactions on Engineering Management},
	mendeley-groups = {4th Year Dissertation},
	number = {4},
	pages = {604--617},
	title = {{Information Flow Through Stages of Complex Engineering Design Projects: A Dynamic Network Analysis Approach}},
	volume = {62},
	year = {2015}
}



@misc{Kalkreuter2018,
	author = {Kalkreuter, Britta},
	howpublished = {Personal interview},
	month = {February},
	year = {2018}
}



@book{hare1962handbook,
	address = {New York},
	title={{Handbook of Small Group Research}},
	author={Hare, A Paul},
	year={1962},
	publisher={Free Press}
}



@book{Kvale1996,
	address = {Thousand Oaks, California},
	title = {{InterViews: An Introduction to Qualitative Research Interviewing}},
	author = {Kvale, Steinar},
	year = {1996},
	publisher = {Sage Publications}
}



@article{Neff2010,
	author = {Neff, Gina and Fiore-Silfvast, Brittany and {Sturts Dossick}, Carrie},
	doi = {10.1080/13691181003645970},
	file = {:Users/stephanieeklow/Library/Application Support/Mendeley Desktop/Downloaded/Gina Neff, Brittany Fiore-Silfvast, Carrie Sturts Dossick - 2017 - A case study of the failure of digital communication to cross knowled.pdf:pdf},
	journal = {Information, Communication {\&} Society},
	mendeley-groups = {4th Year Dissertation},
	number = {4},
	pages = {556--573},
	title = {{A case study of the failure of digital communication to cross knowledge boundaries in virtual construction}},
	volume = {13},
	year = {2010}
}



@misc{ArchitectsJournal,
	author = {Mark, Laura},
	title = {{RIBA’s new Plan of Work under fire as A-L stages are scrapped}},
	howpublished = {\url{https://www.architectsjournal.co.uk/ribas-new-plan-of-work-under-fire-as-a-l-stages-are-scrapped/8647959.article}},
	year = {2013},
	note = {(Accessed on 10 January 2018)}
}



@article{Vaerenbergh2012,
	author = {Vaerenbergh, Yves Van and Thomas, Troy D.},
	doi = {10.1093/ijpor/eds021},
	file = {:Users/stephanieeklow/Library/Application Support/Mendeley Desktop/Downloaded/Vaerenbergh, Thomas - 2012 - Response Styles in Survey Research A Literature Review of Antecedents, Consequences, and Remedies.pdf:pdf},
	journal = {International Journal of Public Opinion Research},
	mendeley-groups = {LAB Acoustics Report,4th Year Dissertation},
	number = {2},
	pages = {195--217},
	title = {{Response Styles in Survey Research: A Literature Review of Antecedents, Consequences, and Remedies}},
	volume = {25},
	year = {2013}
}



@misc{NBS2017,
	author = {McPartland, Richard},
	title = {{What is the PAS 1192 framework?}},
	howpublished = {\url{https://www.thenbs.com/knowledge/what-is-the-pas-1192-framework}},
	year = {2017},
	note = {(Accessed on 8 April 2018)}
}



@techreport{Farmer2016,
	author = {Farmer, Mark},
	file = {:Users/stephanieeklow/Library/Application Support/Mendeley Desktop/Downloaded/Unknown - Unknown - The Farmer Review of the UK Construction Labour Model Modernise or Die.pdf:pdf},
	mendeley-groups = {4th Year Dissertation},
	publisher = {Construction Leadership Council},
	title = {{The Farmer Review of the UK Construction Labour Model}},
	url = {https://vision.hw.ac.uk/bbcswebdav/pid-2532295-dt-content-rid-2827421{\_}2/courses/D30IC{\_}2017-2018/2.0{\_}Farmer-Review.pdf},
	year = {2016}
}



@misc{foundry:oxford,
	author = {{Oxford Dictionaries}},
	title = {{Definition of foundry in English}},
	howpublished = {\url{https://en.oxforddictionaries.com/definition/foundry}},
	year = {n.d.},
	note = {(Accessed on 9 April 2018)}
}

@misc{buildingsmart,
	author = {buildingSMART},
	title = {{BCF intro}},
	howpublished = {\url{http://www.buildingsmart-tech.org/specifications/bcf-releases}},
	year = {n.d.},
	note = {(Accessed on 11 April 2018)}
}

@misc{Bosche,
author = {Bosché, Frédéric},
title = {{Information \& Communication Technologies (ICTs):
BIM Technologies}},
howpublished = {\url{https://vision.hw.ac.uk/webapps/blackboard/content/listContent.jsp?course_id=_85517_1&content_id=_2515204_1&mode=reset}},
year = {n.d.},
annote = {(Accessed on 10 April 2018)}
}

@misc{BusinessWire,
	author = {Maida, Jesse},
	title = {{Top 6 Vendors in the Global Building Information Modeling Software Market From 2016 to 2020: Technavio}},
	howpublished = {\url{https://www.businesswire.com/news/home/20161125005007/en/Top-6-Vendors-Global-Building-Information-Modeling}},
	year = {2016},
	note = {(Accessed on 11 April 2018)}
}
